<record><leader>00000cas a2200000 a 4500</leader><controlfield tag="001">15490336</controlfield><controlfield tag="008">870406d18881947nyuwr ne      0    0eng d</controlfield><datafield ind1=" " ind2=" " tag="010"><subfield code="a">sn 87028304 </subfield></datafield><datafield ind1=" " ind2=" " tag="040"><subfield code="a">NYS</subfield><subfield code="b">eng</subfield><subfield code="c">NYS</subfield><subfield code="d">NYG</subfield><subfield code="d">NYS</subfield><subfield code="d">OCLCQ</subfield><subfield code="d">OCLCF</subfield><subfield code="d">OCLCO</subfield></datafield><datafield ind1="1" ind2=" " tag="029"><subfield code="a">AU@</subfield><subfield code="b">000020444505</subfield></datafield><datafield ind1=" " ind2=" " tag="042"><subfield code="a">msc</subfield></datafield><datafield ind1=" " ind2=" " tag="043"><subfield code="a">n-us-ny</subfield></datafield><datafield ind1="0" ind2=" " tag="130"><subfield code="a">Hamilton Republican (Hamilton, N.Y.)</subfield></datafield><datafield ind1="1" ind2="4" tag="245"><subfield code="a">The Hamilton Republican.</subfield></datafield><datafield ind1=" " ind2=" " tag="260"><subfield code="a">Hamilton, Madison County, N.Y. :</subfield><subfield code="b">W.E. Tooke,</subfield><subfield code="c">1888-1947.</subfield></datafield><datafield ind1=" " ind2=" " tag="300"><subfield code="a">61 v. :</subfield><subfield code="b">ill. ;</subfield><subfield code="c">55-67 cm.</subfield></datafield><datafield ind1=" " ind2=" " tag="310"><subfield code="a">Weekly</subfield></datafield><datafield ind1="0" ind2=" " tag="362"><subfield code="a">Vol. 58, no. 29 (Jan. 5, 1888)-v. 118, no. 52 (May 29, 1947).</subfield></datafield><datafield ind1=" " ind2=" " tag="500"><subfield code="a">Published every Thursday.</subfield></datafield><datafield ind1=" " ind2=" " tag="500"><subfield code="a">Publishers: W.E. Tooke, 1888-1892; Edward D. Van Slyck, 1892-&lt;1893&gt;; Republican Pub. Co., 1894-1895; Hawkins &amp; Elliott, 1895-1903; H.H. Hawkins, 1903-1932; Robert C. Roberts, 1932-1933; Herbert H. Hawkins and Robert C. Roberts, 1933-1942; Robert C. Roberts and F. Reid Alvord, 1942-1943; Robert C. Roberts, 1943-1946; Theodore H. Townsend, 1946-1947.</subfield></datafield><datafield ind1=" " ind2=" " tag="580"><subfield code="a">Merged with: Madison County leader and observer, and: Earlville standard, to form: Mid-York weekly.</subfield></datafield><datafield ind1=" " ind2="0" tag="651"><subfield code="a">Hamilton (N.Y.)</subfield><subfield code="v">Newspapers.</subfield></datafield><datafield ind1=" " ind2="0" tag="651"><subfield code="a">Madison County (N.Y.)</subfield><subfield code="v">Newspapers.</subfield></datafield><datafield ind1=" " ind2="7" tag="655"><subfield code="a">Newspapers.</subfield><subfield code="2">fast</subfield><subfield code="0">(OCoLC)fst01423814</subfield></datafield><datafield ind1=" " ind2="7" tag="651"><subfield code="a">New York (State)</subfield><subfield code="z">Hamilton.</subfield><subfield code="2">fast</subfield><subfield code="0">(OCoLC)fst01212819</subfield></datafield><datafield ind1=" " ind2="7" tag="651"><subfield code="a">New York (State)</subfield><subfield code="z">Madison County.</subfield><subfield code="2">fast</subfield><subfield code="0">(OCoLC)fst01209190</subfield></datafield><datafield ind1=" " ind2=" " tag="752"><subfield code="a">United States</subfield><subfield code="b">New York</subfield><subfield code="c">Madison</subfield><subfield code="d">Hamilton.</subfield></datafield><datafield ind1="0" ind2="0" tag="780"><subfield code="t">Democratic Republican (Hamilton, N.Y.)</subfield><subfield code="w">(DLC)sn 83031426</subfield><subfield code="w">(OCoLC)9881921</subfield></datafield><datafield ind1="0" ind2="5" tag="780"><subfield code="t">Oriskany Falls times</subfield><subfield code="w">(DLC)sn 87028305</subfield><subfield code="w">(OCoLC)15490332</subfield></datafield><datafield ind1="1" ind2="7" tag="785"><subfield code="t">Madison County leader and observer</subfield><subfield code="w">(DLC)sn 92061403</subfield><subfield code="w">(OCoLC)24956700</subfield></datafield><datafield ind1="1" ind2="7" tag="785"><subfield code="t">Earlville standard</subfield><subfield code="w">(DLC)sn 87070073</subfield><subfield code="w">(OCoLC)16003017</subfield></datafield><datafield ind1="1" ind2="7" tag="785"><subfield code="t">Mid-York weekly</subfield><subfield code="w">(DLC)sn 92061402</subfield><subfield code="w">(OCoLC)24370386</subfield></datafield></record>